<collection xmlns="http://www.loc.gov/MARC21/slim">
<record>
  <leader>01549nam0a22002891i 450 </leader>
  <controlfield tag="001">IT\ICCU\CNCE\062690</controlfield>
  <controlfield tag="005">20051206000000.0</controlfield>
  <datafield tag="012" ind1=" " ind2=" ">
    <subfield code="a">deua 0.9. al:e b:so (C) 1509 (Q)</subfield>
    <subfield code="2">fei</subfield>
  </datafield>
  <datafield tag="100" ind1=" " ind2=" ">
    <subfield code="a">20051201f1509        0itac0103    ba</subfield>
  </datafield>
  <datafield tag="101" ind1=" " ind2=" ">
    <subfield code="a">LAT</subfield>
  </datafield>
  <datafield tag="102" ind1=" " ind2=" ">
    <subfield code="a">IT</subfield>
  </datafield>
  <datafield tag="200" ind1="1" ind2=" ">
    <subfield code="a">Vita de sancti Padri vulgare hystoriata</subfield>
  </datafield>
  <datafield tag="210" ind1=" " ind2=" ">
    <subfield code="a">?Venezia</subfield>
    <subfield code="c">Bartolomeo de Zani</subfield>
    <subfield code="d">1509!</subfield>
  </datafield>
  <datafield tag="215" ind1=" " ind2=" ">
    <subfield code="a">?207! c.</subfield>
    <subfield code="c">ill.</subfield>
    <subfield code="d">fol</subfield>
  </datafield>
  <datafield tag="300" ind1=" " ind2=" ">
    <subfield code="a">ANNULLATA !!!!  vedi 22457((Segn.: a-g8 h10 i-m8 n10 o-p8 q-r6 s8 t-u10 t-z8 &amp;8 *8 R5. - Iniz. inc. - Got., rom. - Il nome dell&apos;A. si ricava a c. a4 v. - Il nome dello stampatore si ricava dalla marca tipogr. al front.(Z165)</subfield>
  </datafield>
  <datafield tag="620" ind1=" " ind2=" ">
    <subfield code="a">IT</subfield>
    <subfield code="d">Venezia</subfield>
  </datafield>
  <datafield tag="700" ind1=" " ind2="0">
    <subfield code="a">Hieronymus</subfield>
    <subfield code="c"> &lt;santo&gt;</subfield>
    <subfield code="3">IT\ICCU\CNCA\001138</subfield>
  </datafield>
  <datafield tag="712" ind1="0" ind2="0">
    <subfield code="a">Zani, Bartolomeo</subfield>
    <subfield code="3">IT\ICCU\CNCT\000488</subfield>
    <subfield code="4">650</subfield>
  </datafield>
  <datafield tag="790" ind1=" " ind2="0">
    <subfield code="a">Girolamo</subfield>
    <subfield code="c"> &lt;santo&gt;</subfield>
    <subfield code="3">IT\ICCU\CNCA\014199</subfield>
    <subfield code="z">Hieronymus &lt;santo&gt;</subfield>
  </datafield>
  <datafield tag="790" ind1=" " ind2="0">
    <subfield code="a">Hieronymus</subfield>
    <subfield code="c"> : Stridonensis</subfield>
    <subfield code="3">IT\ICCU\CNCA\022834</subfield>
    <subfield code="z">Hieronymus &lt;santo&gt;</subfield>
  </datafield>
  <datafield tag="791" ind1="0" ind2="0">
    <subfield code="a">Zanni, Bartolomeo</subfield>
    <subfield code="3">IT\ICCU\CNCT\002955</subfield>
    <subfield code="z">Zani, Bartolomeo</subfield>
  </datafield>
  <datafield tag="791" ind1="0" ind2="0">
    <subfield code="a">Zannis, Bartholomeus de</subfield>
    <subfield code="3">IT\ICCU\CNCT\005809</subfield>
    <subfield code="z">Zani, Bartolomeo</subfield>
  </datafield>
  <datafield tag="791" ind1="0" ind2="0">
    <subfield code="a">Zanis, Bartholomeus de</subfield>
    <subfield code="3">IT\ICCU\CNCT\005810</subfield>
    <subfield code="z">Zani, Bartolomeo</subfield>
  </datafield>
  <datafield tag="801" ind1=" " ind2="3">
    <subfield code="a">IT</subfield>
    <subfield code="b">ICCU</subfield>
    <subfield code="c">20201115</subfield>
  </datafield>
  <datafield tag="899" ind1=" " ind2=" ">
    <subfield code="a">Biblioteca Labronica Francesco Domenico Guerrazzi. Livorno</subfield>
    <subfield code="z">MUTILO</subfield>
    <subfield code="1">LI0011</subfield>
    <subfield code="2">LIA FA</subfield>
  </datafield>
  <datafield tag="911" ind1=" " ind2=" ">
    <subfield code="a">Marca al front.</subfield>
    <subfield code="9">IT\ICCU\CNCM\002006</subfield>
  </datafield>
  <datafield tag="921" ind1=" " ind2=" ">
    <subfield code="a">IT\ICCU\CNCM\002006</subfield>
    <subfield code="b">S. Bartolomeo con coltello in mano, paesaggio con albero e case merlate sullo sfondo</subfield>
    <subfield code="c">A94</subfield>
    <subfield code="c">K340</subfield>
    <subfield code="c">Z165</subfield>
    <subfield code="d">Dimensioni: 7 x 10,5</subfield>
    <subfield code="f">BARTOLOMEO</subfield>
    <subfield code="f">COLTELLO</subfield>
    <subfield code="g">1508-[non dopo il 1528]</subfield>
  </datafield>
</record>
</collection>
